@book{griffiths2008introduction,
  title={Introduction to elementary particles},
  author={Griffiths, David},
  year={2008},
  publisher={John Wiley \& Sons}
}

@article{lederman1970resource,
  title={Resource Letter Neu-1 History of the Neutrino},
  author={Lederman, Leon M},
  journal={American Journal of Physics},
  volume={38},
  number={2},
  pages={129--136},
  year={1970},
  publisher={AAPT}
}

@book{bernstein2004elusive,
  title={The Elusive Neutrino},
  author={Bernstein, Jeremy},
  year={2004},
  publisher={University Press of the Pacific}
}

@article{lewis1970neutrinos,
  title={Neutrinos},
  author={Lewis, Gething M},
  year={1970},
  publisher={Wykeham}
}